%YAML 1.1
%TAG !u! tag:unity3d.com,2011:
--- !u!1 &7216027643372992333
GameObject:
  m_ObjectHideFlags: 0
  m_CorrespondingSourceObject: {fileID: 0}
  m_PrefabInstance: {fileID: 0}
  m_PrefabAsset: {fileID: 0}
  serializedVersion: 6
  m_Component:
  - component: {fileID: 7461676292430565587}
  - component: {fileID: 2374459034667569573}
  - component: {fileID: 5388303416332433940}
  - component: {fileID: 7150892856959979121}
  m_Layer: 0
  m_Name: Spawner3
  m_TagString: EnemySpawner
  m_Icon: {fileID: 0}
  m_NavMeshLayer: 0
  m_StaticEditorFlags: 0
  m_IsActive: 1
--- !u!4 &7461676292430565587
Transform:
  m_ObjectHideFlags: 0
  m_CorrespondingSourceObject: {fileID: 0}
  m_PrefabInstance: {fileID: 0}
  m_PrefabAsset: {fileID: 0}
  m_GameObject: {fileID: 7216027643372992333}
  serializedVersion: 2
  m_LocalRotation: {x: 0, y: 0, z: 0, w: 1}
  m_LocalPosition: {x: 44.63796, y: 16.808905, z: 0}
  m_LocalScale: {x: 1, y: 1, z: 1}
  m_ConstrainProportionsScale: 0
  m_Children:
  - {fileID: 7543523234264466351}
  - {fileID: 7052159262009666849}
  m_Father: {fileID: 0}
  m_LocalEulerAnglesHint: {x: 0, y: 0, z: 0}
--- !u!212 &2374459034667569573
SpriteRenderer:
  m_ObjectHideFlags: 0
  m_CorrespondingSourceObject: {fileID: 0}
  m_PrefabInstance: {fileID: 0}
  m_PrefabAsset: {fileID: 0}
  m_GameObject: {fileID: 7216027643372992333}
  m_Enabled: 0
  m_CastShadows: 0
  m_ReceiveShadows: 0
  m_DynamicOccludee: 1
  m_StaticShadowCaster: 0
  m_MotionVectors: 1
  m_LightProbeUsage: 1
  m_ReflectionProbeUsage: 1
  m_RayTracingMode: 0
  m_RayTraceProcedural: 0
  m_RenderingLayerMask: 1
  m_RendererPriority: 0
  m_Materials:
  - {fileID: 10754, guid: 0000000000000000f000000000000000, type: 0}
  m_StaticBatchInfo:
    firstSubMesh: 0
    subMeshCount: 0
  m_StaticBatchRoot: {fileID: 0}
  m_ProbeAnchor: {fileID: 0}
  m_LightProbeVolumeOverride: {fileID: 0}
  m_ScaleInLightmap: 1
  m_ReceiveGI: 1
  m_PreserveUVs: 0
  m_IgnoreNormalsForChartDetection: 0
  m_ImportantGI: 0
  m_StitchLightmapSeams: 1
  m_SelectedEditorRenderState: 0
  m_MinimumChartSize: 4
  m_AutoUVMaxDistance: 0.5
  m_AutoUVMaxAngle: 89
  m_LightmapParameters: {fileID: 0}
  m_SortingLayerID: 0
  m_SortingLayer: 0
  m_SortingOrder: 0
  m_Sprite: {fileID: 7482667652216324306, guid: 311925a002f4447b3a28927169b83ea6, type: 3}
  m_Color: {r: 0, g: 0.2462554, b: 1, a: 1}
  m_FlipX: 0
  m_FlipY: 0
  m_DrawMode: 0
  m_Size: {x: 1, y: 1}
  m_AdaptiveModeThreshold: 0.5
  m_SpriteTileMode: 0
  m_WasSpriteAssigned: 1
  m_MaskInteraction: 0
  m_SpriteSortPoint: 0
--- !u!61 &5388303416332433940
BoxCollider2D:
  m_ObjectHideFlags: 0
  m_CorrespondingSourceObject: {fileID: 0}
  m_PrefabInstance: {fileID: 0}
  m_PrefabAsset: {fileID: 0}
  m_GameObject: {fileID: 7216027643372992333}
  m_Enabled: 1
  m_Density: 1
  m_Material: {fileID: 0}
  m_IncludeLayers:
    serializedVersion: 2
    m_Bits: 0
  m_ExcludeLayers:
    serializedVersion: 2
    m_Bits: 0
  m_LayerOverridePriority: 0
  m_ForceSendLayers:
    serializedVersion: 2
    m_Bits: 4294967295
  m_ForceReceiveLayers:
    serializedVersion: 2
    m_Bits: 4294967295
  m_ContactCaptureLayers:
    serializedVersion: 2
    m_Bits: 4294967295
  m_CallbackLayers:
    serializedVersion: 2
    m_Bits: 4294967295
  m_IsTrigger: 0
  m_UsedByEffector: 0
  m_UsedByComposite: 0
  m_Offset: {x: 0, y: 0}
  m_SpriteTilingProperty:
    border: {x: 0, y: 0, z: 0, w: 0}
    pivot: {x: 0.5, y: 0.5}
    oldSize: {x: 1, y: 1}
    newSize: {x: 1, y: 1}
    adaptiveTilingThreshold: 0.5
    drawMode: 0
    adaptiveTiling: 0
  m_AutoTiling: 0
  serializedVersion: 2
  m_Size: {x: 10, y: 10}
  m_EdgeRadius: 0
--- !u!114 &7150892856959979121
MonoBehaviour:
  m_ObjectHideFlags: 0
  m_CorrespondingSourceObject: {fileID: 0}
  m_PrefabInstance: {fileID: 0}
  m_PrefabAsset: {fileID: 0}
  m_GameObject: {fileID: 7216027643372992333}
  m_Enabled: 1
  m_EditorHideFlags: 0
  m_Script: {fileID: 11500000, guid: cdf238f6b8bc9f745baed9facbffbfce, type: 3}
  m_Name: 
  m_EditorClassIdentifier: 
  enemies:
  - {fileID: 6642868549520385669}
  - {fileID: 6143335222435547147}
--- !u!1001 &4681621442412521532
PrefabInstance:
  m_ObjectHideFlags: 0
  serializedVersion: 2
  m_Modification:
    serializedVersion: 3
    m_TransformParent: {fileID: 7461676292430565587}
    m_Modifications:
    - target: {fileID: 1565554147169869879, guid: 38069c5fb0e29af4b9aeab924ab799f6, type: 3}
      propertyPath: m_Name
      value: Albondiga (1)
      objectReference: {fileID: 0}
    - target: {fileID: 2388658885776409885, guid: 38069c5fb0e29af4b9aeab924ab799f6, type: 3}
      propertyPath: m_LocalPosition.x
      value: 3
      objectReference: {fileID: 0}
    - target: {fileID: 2388658885776409885, guid: 38069c5fb0e29af4b9aeab924ab799f6, type: 3}
      propertyPath: m_LocalPosition.y
      value: -3
      objectReference: {fileID: 0}
    - target: {fileID: 2388658885776409885, guid: 38069c5fb0e29af4b9aeab924ab799f6, type: 3}
      propertyPath: m_LocalPosition.z
      value: 0
      objectReference: {fileID: 0}
    - target: {fileID: 2388658885776409885, guid: 38069c5fb0e29af4b9aeab924ab799f6, type: 3}
      propertyPath: m_LocalRotation.w
      value: 1
      objectReference: {fileID: 0}
    - target: {fileID: 2388658885776409885, guid: 38069c5fb0e29af4b9aeab924ab799f6, type: 3}
      propertyPath: m_LocalRotation.x
      value: -0
      objectReference: {fileID: 0}
    - target: {fileID: 2388658885776409885, guid: 38069c5fb0e29af4b9aeab924ab799f6, type: 3}
      propertyPath: m_LocalRotation.y
      value: -0
      objectReference: {fileID: 0}
    - target: {fileID: 2388658885776409885, guid: 38069c5fb0e29af4b9aeab924ab799f6, type: 3}
      propertyPath: m_LocalRotation.z
      value: -0
      objectReference: {fileID: 0}
    - target: {fileID: 2388658885776409885, guid: 38069c5fb0e29af4b9aeab924ab799f6, type: 3}
      propertyPath: m_LocalEulerAnglesHint.x
      value: 0
      objectReference: {fileID: 0}
    - target: {fileID: 2388658885776409885, guid: 38069c5fb0e29af4b9aeab924ab799f6, type: 3}
      propertyPath: m_LocalEulerAnglesHint.y
      value: 0
      objectReference: {fileID: 0}
    - target: {fileID: 2388658885776409885, guid: 38069c5fb0e29af4b9aeab924ab799f6, type: 3}
      propertyPath: m_LocalEulerAnglesHint.z
      value: 0
      objectReference: {fileID: 0}
    m_RemovedComponents: []
    m_RemovedGameObjects: []
    m_AddedGameObjects: []
    m_AddedComponents: []
  m_SourcePrefab: {fileID: 100100000, guid: 38069c5fb0e29af4b9aeab924ab799f6, type: 3}
--- !u!1 &6143335222435547147 stripped
GameObject:
  m_CorrespondingSourceObject: {fileID: 1565554147169869879, guid: 38069c5fb0e29af4b9aeab924ab799f6, type: 3}
  m_PrefabInstance: {fileID: 4681621442412521532}
  m_PrefabAsset: {fileID: 0}
--- !u!4 &7052159262009666849 stripped
Transform:
  m_CorrespondingSourceObject: {fileID: 2388658885776409885, guid: 38069c5fb0e29af4b9aeab924ab799f6, type: 3}
  m_PrefabInstance: {fileID: 4681621442412521532}
  m_PrefabAsset: {fileID: 0}
--- !u!1001 &5298980789092206258
PrefabInstance:
  m_ObjectHideFlags: 0
  serializedVersion: 2
  m_Modification:
    serializedVersion: 3
    m_TransformParent: {fileID: 7461676292430565587}
    m_Modifications:
    - target: {fileID: 1565554147169869879, guid: 38069c5fb0e29af4b9aeab924ab799f6, type: 3}
      propertyPath: m_Name
      value: Albondiga
      objectReference: {fileID: 0}
    - target: {fileID: 2388658885776409885, guid: 38069c5fb0e29af4b9aeab924ab799f6, type: 3}
      propertyPath: m_LocalPosition.x
      value: -3
      objectReference: {fileID: 0}
    - target: {fileID: 2388658885776409885, guid: 38069c5fb0e29af4b9aeab924ab799f6, type: 3}
      propertyPath: m_LocalPosition.y
      value: 3
      objectReference: {fileID: 0}
    - target: {fileID: 2388658885776409885, guid: 38069c5fb0e29af4b9aeab924ab799f6, type: 3}
      propertyPath: m_LocalPosition.z
      value: 0
      objectReference: {fileID: 0}
    - target: {fileID: 2388658885776409885, guid: 38069c5fb0e29af4b9aeab924ab799f6, type: 3}
      propertyPath: m_LocalRotation.w
      value: 1
      objectReference: {fileID: 0}
    - target: {fileID: 2388658885776409885, guid: 38069c5fb0e29af4b9aeab924ab799f6, type: 3}
      propertyPath: m_LocalRotation.x
      value: -0
      objectReference: {fileID: 0}
    - target: {fileID: 2388658885776409885, guid: 38069c5fb0e29af4b9aeab924ab799f6, type: 3}
      propertyPath: m_LocalRotation.y
      value: -0
      objectReference: {fileID: 0}
    - target: {fileID: 2388658885776409885, guid: 38069c5fb0e29af4b9aeab924ab799f6, type: 3}
      propertyPath: m_LocalRotation.z
      value: -0
      objectReference: {fileID: 0}
    - target: {fileID: 2388658885776409885, guid: 38069c5fb0e29af4b9aeab924ab799f6, type: 3}
      propertyPath: m_LocalEulerAnglesHint.x
      value: 0
      objectReference: {fileID: 0}
    - target: {fileID: 2388658885776409885, guid: 38069c5fb0e29af4b9aeab924ab799f6, type: 3}
      propertyPath: m_LocalEulerAnglesHint.y
      value: 0
      objectReference: {fileID: 0}
    - target: {fileID: 2388658885776409885, guid: 38069c5fb0e29af4b9aeab924ab799f6, type: 3}
      propertyPath: m_LocalEulerAnglesHint.z
      value: 0
      objectReference: {fileID: 0}
    m_RemovedComponents: []
    m_RemovedGameObjects: []
    m_AddedGameObjects: []
    m_AddedComponents: []
  m_SourcePrefab: {fileID: 100100000, guid: 38069c5fb0e29af4b9aeab924ab799f6, type: 3}
--- !u!1 &6642868549520385669 stripped
GameObject:
  m_CorrespondingSourceObject: {fileID: 1565554147169869879, guid: 38069c5fb0e29af4b9aeab924ab799f6, type: 3}
  m_PrefabInstance: {fileID: 5298980789092206258}
  m_PrefabAsset: {fileID: 0}
--- !u!4 &7543523234264466351 stripped
Transform:
  m_CorrespondingSourceObject: {fileID: 2388658885776409885, guid: 38069c5fb0e29af4b9aeab924ab799f6, type: 3}
  m_PrefabInstance: {fileID: 5298980789092206258}
  m_PrefabAsset: {fileID: 0}
